<?xml version="1.0"?>
<marc:collection xmlns:marc="http://www.loc.gov/MARC21/slim" xmlns:xsi="http://www.w3.org/2001/XMLSchema-instance" xsi:schemaLocation="http://www.loc.gov/MARC21/slim http://www.loc.gov/standards/marcxml/schema/MARC21slim.xsd">
   <marc:record type="Bibliographic">
      <marc:leader>01943cam a2200409 a 4500</marc:leader>
      <marc:controlfield tag="001">797109</marc:controlfield>
      <marc:controlfield tag="003">NjP</marc:controlfield>
      <marc:controlfield tag="005">20140221104324.0</marc:controlfield>
      <marc:controlfield tag="008">930326s1990    ir            000 0 ara d</marc:controlfield>
      <marc:datafield tag="024" ind1="7" ind2=" ">
         <marc:subfield code="a">princeton_aco000043</marc:subfield>
         <marc:subfield code="2">local</marc:subfield>
      </marc:datafield>
      <marc:datafield tag="035" ind1=" " ind2=" ">
         <marc:subfield code="a">(OCoLC)ocn176767949</marc:subfield>
      </marc:datafield>
      <marc:datafield tag="035" ind1=" " ind2=" ">
         <marc:subfield code="a">(OCoLC)22218871</marc:subfield>
      </marc:datafield>
      <marc:datafield tag="040" ind1=" " ind2=" ">
         <marc:subfield code="a">NjP</marc:subfield>
         <marc:subfield code="c">PUL</marc:subfield>
         <marc:subfield code="d">PUL</marc:subfield>
      </marc:datafield>
      <marc:datafield tag="035" ind1=" " ind2=" ">
         <marc:subfield code="a">(OCoLC)176767949</marc:subfield>
      </marc:datafield>
      <marc:datafield tag="035" ind1=" " ind2=" ">
         <marc:subfield code="a">(CStRLIN)NJPG93-B17328</marc:subfield>
      </marc:datafield>
      <marc:datafield tag="035" ind1=" " ind2=" ">
         <marc:subfield code="9">ADW1772TS</marc:subfield>
      </marc:datafield>
      <marc:datafield tag="035" ind1=" " ind2=" ">
         <marc:subfield code="a">(NjP)797109</marc:subfield>
      </marc:datafield>
      <marc:datafield tag="079" ind1=" " ind2=" ">
         <marc:subfield code="a">ocm22218871</marc:subfield>
         <marc:subfield code="z">ocm27862221</marc:subfield>
      </marc:datafield>
      <marc:datafield tag="049" ind1=" " ind2=" ">
         <marc:subfield code="a">PULL</marc:subfield>
      </marc:datafield>
      <marc:datafield tag="100" ind1="1" ind2=" ">
         <marc:subfield code="6">880-01</marc:subfield>
         <marc:subfield code="a">Mudarris al-Afgha&#x304;ni&#x304;, Muh&#x323;ammad &#x2BB;Ali&#x304;.</marc:subfield>
      </marc:datafield>
      <marc:datafield tag="245" ind1="1" ind2="3">
         <marc:subfield code="6">880-02</marc:subfield>
         <marc:subfield code="a">al-Mudarris al-afd&#x323;al fi&#x304;ma&#x304; yurmazu wa-yusha&#x304;ru ilayhi fi&#x304; al-Mut&#x323;awwal /</marc:subfield>
         <marc:subfield code="c">ta&#x2BC;li&#x304;f Muh&#x323;ammad &#x2BB;Ali&#x304; al-Mudarris al-Afgha&#x304;ni&#x304;.</marc:subfield>
      </marc:datafield>
      <marc:datafield tag="250" ind1=" " ind2=" ">
         <marc:subfield code="6">880-03</marc:subfield>
         <marc:subfield code="a">al-T&#x323;ab&#x2BB;ah 2.</marc:subfield>
      </marc:datafield>
      <marc:datafield tag="260" ind1=" " ind2=" ">
         <marc:subfield code="6">880-04</marc:subfield>
         <marc:subfield code="a">Qum, I&#x304;ra&#x304;n :</marc:subfield>
         <marc:subfield code="b">Mu&#x2BC;assasat Da&#x304;r al-Kita&#x304;b,</marc:subfield>
         <marc:subfield code="c">1410 [1990]</marc:subfield>
      </marc:datafield>
      <marc:datafield tag="300" ind1=" " ind2=" ">
         <marc:subfield code="a">7 v. ;</marc:subfield>
         <marc:subfield code="c">24 cm.</marc:subfield>
      </marc:datafield>
      <marc:datafield tag="534" ind1=" " ind2=" ">
         <marc:subfield code="p">Reprint. Originally published:</marc:subfield>
         <marc:subfield code="c">al-Najaf : Mat&#x323;aba&#x2BB;at al-Nu&#x2BB;ma&#x304;n, 1967.</marc:subfield>
      </marc:datafield>
      <marc:datafield tag="600" ind1="1" ind2="0">
         <marc:subfield code="6">880-05</marc:subfield>
         <marc:subfield code="a">Tafta&#x304;za&#x304;ni&#x304;, Mas&#x2BB;u&#x304;d ibn &#x2BB;Umar,</marc:subfield>
         <marc:subfield code="d">1322-1389?</marc:subfield>
         <marc:subfield code="t">Mut&#x323;awwal.</marc:subfield>
      </marc:datafield>
      <marc:datafield tag="600" ind1="1" ind2="0">
         <marc:subfield code="6">880-06</marc:subfield>
         <marc:subfield code="a">Qazwi&#x304;ni&#x304;, Jala&#x304;l al-Di&#x304;n Muh&#x323;ammad ibn &#x2BB;Abd al-Rah&#x323;ma&#x304;n,</marc:subfield>
         <marc:subfield code="d">1267 or 1268-1338.</marc:subfield>
         <marc:subfield code="t">Talkhi&#x304;s&#x323; al-mifta&#x304;h&#x323;.</marc:subfield>
      </marc:datafield>
      <marc:datafield tag="650" ind1=" " ind2="0">
         <marc:subfield code="a">Arabic language</marc:subfield>
         <marc:subfield code="x">Rhetoric.</marc:subfield>
      </marc:datafield>
      <marc:datafield tag="880" ind1="1" ind2=" ">
         <marc:subfield code="6">100-01/r</marc:subfield>
         <marc:subfield code="a">&#x645;&#x62F;&#x631;&#x633; &#x627;&#x644;&#x627;&#x641;&#x63A;&#x627;&#x646;&#x64A;&#x60C; &#x645;&#x62D;&#x645;&#x62F; &#x639;&#x644;&#x64A;.</marc:subfield>
      </marc:datafield>
      <marc:datafield tag="880" ind1="1" ind2="2">
         <marc:subfield code="6">245-02/r</marc:subfield>
         <marc:subfield code="a">&#x627;&#x644;&#x645;&#x62F;&#x631;&#x633; &#x627;&#x644;&#x627;&#x641;&#x636;&#x644; &#x641;&#x64A;&#x645;&#x627; &#x64A;&#x631;&#x645;&#x632; &#x648;&#x64A;&#x634;&#x627;&#x631; &#x627;&#x644;&#x64A;&#x647; &#x641;&#x64A; &#x627;&#x644;&#x645;&#x637;&#x648;&#x644; /</marc:subfield>
         <marc:subfield code="c">&#x62A;&#x623;&#x644;&#x64A;&#x641; &#x645;&#x62D;&#x645;&#x62F; &#x639;&#x644;&#x64A; &#x627;&#x644;&#x645;&#x62F;&#x631;&#x633; &#x627;&#x644;&#x627;&#x641;&#x63A;&#x627;&#x646;&#x64A;.</marc:subfield>
      </marc:datafield>
      <marc:datafield tag="880" ind1=" " ind2=" ">
         <marc:subfield code="6">250-03/r</marc:subfield>
         <marc:subfield code="a">&#x627;&#x644;&#x637;&#x628;&#x639;&#x629; 2.</marc:subfield>
      </marc:datafield>
      <marc:datafield tag="880" ind1=" " ind2=" ">
         <marc:subfield code="6">260-04/r</marc:subfield>
         <marc:subfield code="a">&#x627;&#x64A;&#x631;&#x627;&#x646; :</marc:subfield>
         <marc:subfield code="b">&#x645;&#x624;&#x633;&#x633;&#x629; &#x62F;&#x627;&#x631; &#x627;&#x644;&#x643;&#x62A;&#x627;&#x628;&#x60C;</marc:subfield>
         <marc:subfield code="c">1410 [1990]</marc:subfield>
      </marc:datafield>
      <marc:datafield tag="880" ind1="1" ind2="0">
         <marc:subfield code="6">600-05/r</marc:subfield>
         <marc:subfield code="a">&#x62A;&#x641;&#x62A;&#x627;&#x632;&#x627;&#x646;&#x64A;&#x60C; &#x645;&#x633;&#x639;&#x648;&#x62F; &#x628;&#x646; &#x639;&#x645;&#x631;&#x60C;</marc:subfield>
         <marc:subfield code="d">1322-1389&#x61F;</marc:subfield>
         <marc:subfield code="t">&#x645;&#x637;&#x648;&#x644;.</marc:subfield>
      </marc:datafield>
      <marc:datafield tag="880" ind1="1" ind2="4">
         <marc:subfield code="6">600-06/r</marc:subfield>
         <marc:subfield code="a">&#x642;&#x632;&#x648;&#x64A;&#x646;&#x64A;&#x60C; &#x62C;&#x644;&#x627;&#x644; &#x627;&#x644;&#x62F;&#x64A;&#x646; &#x645;&#x62D;&#x645;&#x62F; &#x628;&#x646; &#x639;&#x628;&#x62F; &#x627;&#x644;&#x631;&#x62D;&#x645;&#x646;&#x60C;</marc:subfield>
         <marc:subfield code="d">1267 or 1268-1338.</marc:subfield>
         <marc:subfield code="t">&#x62A;&#x644;&#x62E;&#x64A;&#x635; &#x627;&#x644;&#x645;&#x641;&#x62A;&#x627;&#x62D;.</marc:subfield>
      </marc:datafield>
      <marc:datafield tag="998" ind1=" " ind2=" ">
         <marc:subfield code="a">03/26/93</marc:subfield>
         <marc:subfield code="s">9114</marc:subfield>
         <marc:subfield code="n">NjP</marc:subfield>
         <marc:subfield code="d">03/26/93</marc:subfield>
         <marc:subfield code="c">JEB</marc:subfield>
         <marc:subfield code="b">JEB</marc:subfield>
         <marc:subfield code="i">930326</marc:subfield>
         <marc:subfield code="l">NJPG</marc:subfield>
      </marc:datafield>
      <marc:datafield tag="911" ind1=" " ind2=" ">
         <marc:subfield code="a">19930401</marc:subfield>
      </marc:datafield>
      <marc:datafield tag="912" ind1=" " ind2=" ">
         <marc:subfield code="a">19970722055028.0</marc:subfield>
      </marc:datafield>
      <marc:datafield tag="994" ind1=" " ind2=" ">
         <marc:subfield code="a">C0</marc:subfield>
         <marc:subfield code="b">PUL</marc:subfield>
      </marc:datafield>
      <marc:datafield tag="999" ind1=" " ind2=" ">
         <marc:subfield code="a">797109</marc:subfield>
      </marc:datafield>
   </marc:record>
</marc:collection>
